<record xmlns="http://www.loc.gov/MARC21/slim" xmlns:xsi="http://www.w3.org/2001/XMLSchema-instance" xsi:schemaLocation="http://www.loc.gov/MARC21/slim http://www.loc.gov/standards/marcxml/schema/MARC21slim.xsd"><leader>00633nz   2200157n  4500</leader><controlfield tag="001">oca02200511 </controlfield><controlfield tag="005">19880412130316.7</controlfield><controlfield tag="008">880210n| acannaab|          |a aaa ||| c</controlfield><datafield ind1=" " ind2=" " tag="010"><subfield code="a">n  87855622 </subfield></datafield><datafield ind1=" " ind2=" " tag="040"><subfield code="a">InU</subfield><subfield code="c">DLC</subfield><subfield code="d">DLC</subfield></datafield><datafield ind1="0" ind2=" " tag="100"><subfield code="a">Alcidamas,</subfield><subfield code="d">4th cent. B.C.</subfield></datafield><datafield ind1="0" ind2=" " tag="400"><subfield code="a">Alkidamas,</subfield><subfield code="d">4th cent. B.C.</subfield></datafield><datafield ind1="0" ind2=" " tag="400"><subfield code="a">Alcidamante,</subfield><subfield code="d">4th cent. B.C.</subfield></datafield><datafield ind1=" " ind2=" " tag="670"><subfield code="a">His Orazioni e frammenti, 1982:</subfield><subfield code="b">t.p. (Alcidamante) p. ix (certainly active betw. 390 and 365)</subfield></datafield><datafield ind1=" " ind2=" " tag="670"><subfield code="a">Oxford Class. dict., 1970</subfield><subfield code="b">(Alcidamas, 4th cent. B.C.; rhetorician and Sophist; studied under Gorgias)</subfield></datafield><datafield ind1=" " ind2=" " tag="670"><subfield code="a">Der kleine Pauly</subfield><subfield code="b">(Alkidamas; contemp. &amp; opponent of Isocrates)</subfield></datafield></record>